<record><leader>00000cas a22000007a 4500</leader><controlfield tag="001">9898603</controlfield><controlfield tag="008">830912c19769999akudn ne      0   a0eng d</controlfield><controlfield tag="009">467</controlfield><datafield ind1=" " ind2=" " tag="010"><subfield code="a">sn 83008842 </subfield></datafield><datafield ind1=" " ind2=" " tag="040"><subfield code="a">NSD</subfield><subfield code="b">eng</subfield><subfield code="c">NSD</subfield><subfield code="d">ANE</subfield><subfield code="d">OCLCQ</subfield><subfield code="d">OCLCF</subfield><subfield code="d">OCLCO</subfield></datafield><datafield ind1=" " ind2=" " tag="012"><subfield code="l">1</subfield><subfield code="m">1</subfield></datafield><datafield ind1="1" ind2=" " tag="022"><subfield code="a">0740-2112</subfield><subfield code="l">0740-2112</subfield><subfield code="2">1</subfield></datafield><datafield ind1="1" ind2=" " tag="029"><subfield code="a">AU@</subfield><subfield code="b">000020275790</subfield></datafield><datafield ind1=" " ind2=" " tag="032"><subfield code="a">297560</subfield><subfield code="b">USPS</subfield></datafield><datafield ind1=" " ind2=" " tag="037"><subfield code="b">Kodiak Publishing Co., Inc., P.O. Box 1307, Kodiak, AK 99615</subfield></datafield><datafield ind1=" " ind2=" " tag="042"><subfield code="a">nsdp</subfield></datafield><datafield ind1=" " ind2="0" tag="222"><subfield code="a">Kodiak daily mirror</subfield></datafield><datafield ind1="0" ind2="0" tag="245"><subfield code="a">Kodiak daily mirror.</subfield></datafield><datafield ind1=" " ind2=" " tag="260"><subfield code="a">Kodiak, Alaska :</subfield><subfield code="b">Kodiak Pub. Co.,</subfield><subfield code="c">1976-</subfield></datafield><datafield ind1=" " ind2=" " tag="310"><subfield code="a">Daily (except Sat. and Sun.),</subfield><subfield code="b">Feb. 4, 1991-</subfield></datafield><datafield ind1=" " ind2=" " tag="321"><subfield code="a">Daily (except Sat. and Sun.),</subfield><subfield code="b">Jan. 27, 1976-Oct. 27, 1989</subfield></datafield><datafield ind1=" " ind2=" " tag="321"><subfield code="a">Semiweekly,</subfield><subfield code="b">Nov. 3, 1989-Feb. 1, 1991</subfield></datafield><datafield ind1="0" ind2=" " tag="362"><subfield code="a">Vol. 36, no. 150 (Jan. 27, 1976)-</subfield></datafield><datafield ind1=" " ind2=" " tag="515"><subfield code="a">Issue numbering irregular.</subfield></datafield><datafield ind1=" " ind2="0" tag="651"><subfield code="a">Kodiak (Alaska)</subfield><subfield code="v">Newspapers.</subfield></datafield><datafield ind1=" " ind2="7" tag="655"><subfield code="a">Newspapers.</subfield><subfield code="2">fast</subfield><subfield code="0">(OCoLC)fst01423814</subfield></datafield><datafield ind1=" " ind2="7" tag="651"><subfield code="a">Alaska</subfield><subfield code="z">Kodiak.</subfield><subfield code="2">fast</subfield><subfield code="0">(OCoLC)fst01209935</subfield></datafield><datafield ind1=" " ind2=" " tag="752"><subfield code="a">United States</subfield><subfield code="b">Alaska</subfield><subfield code="d">Kodiak.</subfield></datafield><datafield ind1="0" ind2="0" tag="780"><subfield code="t">Kodiak mirror</subfield><subfield code="w">(DLC)sn 83045298</subfield><subfield code="w">(OCoLC)9427149</subfield></datafield><datafield ind1=" " ind2=" " tag="936"><subfield code="a">July 22, 1983</subfield></datafield></record>